@article{Makridakis2020,
  title = {{The M4 Competition: 100,000 time series and 61 forecasting methods}},
  journal = "International Journal of Forecasting",
  volume = "36",
  number = "1",
  pages = "54 - 74",
  year = "2020",
  note = "M4 Competition",
  issn = "0169-2070",
  doi = "https://doi.org/10.1016/j.ijforecast.2019.04.014",
  author = "Spyros Makridakis and Evangelos Spiliotis and Vassilios Assimakopoulos"
}